<record><leader>00000cas a2200000Ma 4500</leader><controlfield tag="001">192097246</controlfield><controlfield tag="008">831201d18691875gaudn ne      0    0eng  </controlfield><controlfield tag="009">330</controlfield><datafield ind1=" " ind2=" " tag="010"><subfield code="a">sn 83016858 </subfield></datafield><datafield ind1=" " ind2=" " tag="040"><subfield code="a">DLC</subfield><subfield code="b">eng</subfield><subfield code="c">AQM</subfield></datafield><datafield ind1="0" ind2=" " tag="130"><subfield code="a">Atlanta constitution (Atlanta, Ga. : 1869)</subfield></datafield><datafield ind1="0" ind2="4" tag="245"><subfield code="a">The Atlanta constitution.</subfield></datafield><datafield ind1=" " ind2=" " tag="250"><subfield code="a">Evening ed.</subfield></datafield><datafield ind1=" " ind2=" " tag="260"><subfield code="a">Atlanta, Ga. :</subfield><subfield code="b">W.A. Hemphill,</subfield><subfield code="c">1869-1875.</subfield></datafield><datafield ind1=" " ind2=" " tag="300"><subfield code="a">7 v. :</subfield><subfield code="b">ill. (chiefly advertisements)</subfield></datafield><datafield ind1=" " ind2=" " tag="310"><subfield code="a">Daily (except Mon.),</subfield><subfield code="b">June 27-Aug. 19, 1875</subfield></datafield><datafield ind1=" " ind2=" " tag="321"><subfield code="a">Frequency varies</subfield></datafield><datafield ind1="0" ind2=" " tag="362"><subfield code="a">Vol. 2, no. 89 (Oct. 1, 1869)-v. 8, no. 55 (Aug. 19, 1875).</subfield></datafield><datafield ind1=" " ind2=" " tag="500"><subfield code="a">"Democratic." Cf. Rowell, 1875.</subfield></datafield><datafield ind1=" " ind2=" " tag="530"><subfield code="a">Also available on microfilm by the Microfilming Corp. of America., and the Library of Congress Photoduplication Service.</subfield></datafield><datafield ind1=" " ind2=" " tag="500"><subfield code="a">Editor: Isaac W. Avery, &lt;1871&gt;.</subfield></datafield><datafield ind1=" " ind2="7" tag="655"><subfield code="a">Newspapers.</subfield><subfield code="2">rbgenr</subfield></datafield><datafield ind1=" " ind2=" " tag="752"><subfield code="a">United States</subfield><subfield code="b">Georgia</subfield><subfield code="c">Fulton</subfield><subfield code="d">Atlanta.</subfield></datafield><datafield ind1="0" ind2=" " tag="775"><subfield code="t">Weekly constitution (Atlanta, Ga. : 1868)</subfield><subfield code="w">(DLC)sn 84031635</subfield></datafield><datafield ind1="0" ind2="0" tag="780"><subfield code="t">Constitution (Atlanta, Ga. : 1868)</subfield><subfield code="w">(DLC)sn 85035943</subfield></datafield><datafield ind1="0" ind2="5" tag="780"><subfield code="t">Atlanta daily sun (Atlanta, Ga. : 1870)</subfield><subfield code="g">1873</subfield><subfield code="w">(DLC)sn 83016187</subfield></datafield><datafield ind1="0" ind2="0" tag="785"><subfield code="t">Atlanta daily constitution (DLC)sn 83016859</subfield></datafield></record>